@article{wurm2014residualizing,
  title={What residualizing predictors in regression analyses does (and what it does not do)},
  author={Wurm, Lee H and Fisicaro, Sebastiano A},
  journal={Journal of Memory and Language},
  volume={72},
  pages={37--48},
  year={2014},
  publisher={Elsevier}
}

@article{slone2019self,
  title={Self-generated variability in object images predicts vocabulary growth},
  author={Slone, Lauren K and Smith, Linda B and Yu, Chen},
  journal={Developmental Science},
  volume={22},
  number={6},
  pages={e12816},
  year={2019},
  publisher={Wiley Online Library}
}
@article{montag2018quantity,
  title={Quantity and diversity: Simulating early word learning environments},
  author={Montag, Jessica L and Jones, Michael N and Smith, Linda B},
  journal={Cognitive Science},
  volume={42},
  pages={375--412},
  year={2018},
  publisher={Wiley Online Library}
}
@article{suanda2019signal,
  title={The signal in the noise: the visual ecology of parents' object naming},
  author={Suanda, Sumarga H and Barnhart, Meagan and Smith, Linda B and Yu, Chen},
  journal={Infancy},
  volume={24},
  number={3},
  pages={455--476},
  year={2019},
  publisher={Wiley Online Library}
}
@article{chang2016contingencies,
  title={Contingencies between infants’ gaze, vocal, and manual actions and mothers’ object-naming: Longitudinal changes from 4 to 9 months},
  author={Chang, Lucas and de Barbaro, Kaya and De{\'a}k, Gedeon},
  journal={Developmental Neuropsychology},
  volume={41},
  number={5-8},
  pages={342--361},
  year={2016},
  publisher={Taylor \& Francis}
}
@article{clerkin2017real,
  title={Real-world visual statistics and infants' first-learned object names},
  author={Clerkin, Elizabeth M and Hart, Elizabeth and Rehg, James M and Yu, Chen and Smith, Linda B},
  journal={Philosophical Transactions of the Royal Society B: Biological Sciences},
  volume={372},
  number={1711},
  pages={20160055},
  year={2017},
  publisher={The Royal Society}
}

@misc{carvalho2019rethinking,
  title={Rethinking the input: Skewed distributions of exemplars result in broad generalization in category learning},
  publisher={PsyArXiv},
  author={Carvalho, Paulo and Chen, Chi-hsin and Yu, Chen},
  year={2019}
}

@misc{long2021characterizing,
  title={Characterizing the object categories two children see and interact within a dense dataset of naturalistic visual experience},
  author={Long, Bria and Kachergis, George and Bhatt, Naiti and Frank, Michael C},
  year={2021},
  publisher={PsyArXiv}
}

@misc{brownIPchildrearing,
  title={Childrearing through social interaction on {Rossel Island, PNG}},
  author={Penelope Brown and Marisa Casillas},
  year={2021},
  publisher={New York, NY: Berghahn},
  editor={A. J. Fentiman and M. Goody},
  booktitle={{Esther Goody} revisited: Exploring the legacy of an original inter-disciplinarian}
}

@article{casillas2021early,
  title={Early language experience in a {Papuan} community},
  author={Casillas, Marisa and Brown, Penelope and Levinson, Stephen C},
  journal={Journal of Child Language},
  volume={48},
  number={4},
  pages={792--814},
  year={2021},
  publisher={Cambridge University Press}
}

@article{casillas2020early,
  title={Early language experience in a {Tseltal Mayan} village},
  author={Casillas, Marisa and Brown, Penelope and Levinson, Stephen C},
  journal={Child Development},
  volume={91},
  number={5},
  pages={1819--1835},
  year={2020},
  publisher={Wiley Online Library}
}

@article{super1976environmental,
  title={Environmental effects on motor development: The case of ‘{A}frican infant precocity’},
  author={Super, Charles M},
  journal={Developmental Medicine \& Child Neurology},
  volume={18},
  number={5},
  pages={561--567},
  year={1976},
  publisher={Wiley Online Library}
}

@misc{karasik2018not,
 title={Not so {WEIRD} object play in {T}ajikistan},
 publisher={{Presentation to the International Conference on Infant Studies, Philadelphia, PA}},
 author={Karasik, Lana B and Schneider, Julie and Kuchirko, Yana A. and Tamis-LeMonda, Catherine S},
 year={2018}
}

@book{arnold2012life,
  title={Life at home in the twenty-first century: 32 families open their doors},
  author={Arnold, Jeanne E and Graesch, Anthony P and Ochs, Elinor and Ragazzini, Enzo},
  year={2012},
  publisher={ISD LLC}
}

@article{mcgillion2013supporting,
  title={Supporting early vocabulary development: What sort of responsiveness matters?},
  author={McGillion, Michelle L and Herbert, Jane S and Pine, Julian M and Keren-Portnoy, Tamar and Vihman, Marilyn M and Matthews, Danielle E},
  journal={IEEE Transactions on Autonomous Mental Development},
  volume={5},
  number={3},
  pages={240--248},
  year={2013},
  publisher={IEEE}
}

@article{bergelson2019day,
  title={Day by day, hour by hour: Naturalistic language input to infants},
  author={Bergelson, Elika and Amatuni, Andrei and Dailey, Shannon and Koorathota, Sharath and Tor, Shaelise},
  journal={Developmental Science},
  volume={22},
  number={1},
  pages={e12715},
  year={2019},
  publisher={Wiley Online Library}
}

@misc{casillasURdaylong,
 title={Cross-cultural differences in children's object handling at home},
 publisher={PsyArXiv},
 author={Casillas, Marisa and Elliott, Mary},
 year={2021},
}

@article{bergelson2017nature,
  title={Nature and origins of the lexicon in 6-mo-olds},
  author={Bergelson, Elika and Aslin, Richard N},
  journal={Proceedings of the National Academy of Sciences},
  volume={114},
  number={49},
  pages={12916--12921},
  year={2017},
  publisher={National Acad Sciences}
}

@article{laing2020babble,
  title={From babble to words: Infants’ early productions match words and objects in their environment},
  author={Laing, Catherine and Bergelson, Elika},
  journal={Cognitive Psychology},
  volume={122},
  pages={101308},
  year={2020},
  publisher={Elsevier}
}

@article{yurovsky2013statistical,
  title={Statistical word learning at scale: The baby's view is better},
  author={Yurovsky, Daniel and Smith, Linda B and Yu, Chen},
  journal={Developmental Science},
  volume={16},
  number={6},
  pages={959--966},
  year={2013},
  publisher={Wiley Online Library}
}

@article{fausey2016faces,
  title={From faces to hands: Changing visual input in the first two years},
  author={Fausey, Caitlin M and Jayaraman, Swapnaa and Smith, Linda B},
  journal={Cognition},
  volume={152},
  pages={101--107},
  year={2016},
  publisher={Elsevier}
}

@article{jayaraman2017faces,
  title={Why are faces denser in the visual experiences of younger than older infants?},
  author={Jayaraman, Swapnaa and Fausey, Caitlin M and Smith, Linda B},
  journal={Developmental Psychology},
  volume={53},
  number={1},
  pages={38–49},
  year={2017},
  publisher={American Psychological Association}
}

@article{yu2013joint,
  title={Joint attention without gaze following: Human infants and their parents coordinate visual attention to objects through eye-hand coordination},
  author={Yu, Chen and Smith, Linda B},
  journal={PloS One},
  volume={8},
  number={11},
  pages={e79659},
  year={2013},
  publisher={Public Library of Science}
}

@article{herzberg2022infant,
  title={Infant exuberant object play at home: Immense amounts of time-distributed, variable practice},
  author={Herzberg, Orit and Fletcher, Katelyn K and Schatz, Jacob L and Adolph, Karen E and Tamis-LeMonda, Catherine S},
  journal={Child Development},
  year={2022},
  volume={93},
  number={11},
  pages={150--164},
  publisher={Wiley Online Library}
}

@article{gaskins2000childrens,
  title={Children's daily activities in a {M}ayan village: A culturally grounded description},
  author={Gaskins, Suzanne},
  journal={Cross-cultural Research},
  volume={34},
  number={4},
  pages={375--389},
  year={2000},
  publisher={Sage Publications Sage CA: Thousand Oaks, CA}
}

@incollection{adolph2010motor,
  title={Motor skill},
  author={Adolph, Karen E and Karasik, Lana B and Tamis-LeMonda, Catherine S},
  booktitle={Handbook of Cultural Developmental Science},
  editor={Bornstein, Mark H},
  pages={61--88},
  publisher={Psychology Press: New York, NY},
  year={2010}
}

@misc{long2020detecting,
  title={Detecting social information in a dense dataset of infants’ natural visual experience},
  author={Long, Bria and Kachergis, George and Agrawal, Ketan and Frank, Michael C},
  year={2020},
  publisher={PsyArXiv}
}

@inproceedings{sanchez2018detecting,
  title={Postural developments modulate children’s visual access to social information},
  author={Sanchez, Alessandro and Long, Bria and Kraus, Allison M and Frank, Michael C},
  booktitle={{Proceedings of the 40th Annual Conference of the Cognitive Science Society}},
  pages={2412--2417},
  year={2018}
}

@article{kretch2014crawling,
  title={Crawling and walking infants see the world differently},
  author={Kretch, Kari S and Franchak, John M and Adolph, Karen E},
  journal={Child Development},
  volume={85},
  number={4},
  pages={1503--1518},
  year={2014},
  publisher={Wiley Online Library}
}

@software{casey2022imco,
  title={ImCo: A {Python Tkinter} application for coding lots of images},
  author={Casey, Kennedy and Fisher, William and Tice, Shawn C. and Casillas, Marisa},
  url={http://github.com/kennedycasey/ImCo2},
  version={2.0},
  year={2022}
}